@incollection{MARTIN_1998,
	doi = {10.1142/9789812839657_0001},
  
	url = {https://doi.org/10.1142%2F9789812839657_0001},
  
	year = 1998,
	month = {jul},
  
	publisher = {{WORLD} {SCIENTIFIC}
},
  
	pages = {1--98},
  
	author = {Stephen P. Martin},
  
	title = {A {SUPERSYMMETRY} {PRIMER}},
  
	booktitle = {Perspectives on Supersymmetry}
}

@article{Signer_2009,
	doi = {10.1088/0954-3899/36/7/073002},
  
	url = {https://doi.org/10.1088%2F0954-3899%2F36%2F7%2F073002},
  
	year = 2009,
	month = {may},
  
	publisher = {{IOP} Publishing},
  
	volume = {36},
  
	number = {7},
  
	pages = {073002},
  
	author = {Adrian Signer},
  
	title = {{ABC} of {SUSY}
},
  
	journal = {Journal of Physics G: Nuclear and Particle Physics}
}

@article{Grisaru:1979wc,
    author = "Grisaru, Marcus T. and Siegel, W. and Rocek, M.",
    title = "{Improved Methods for Supergraphs}",
    reportNumber = "PRINT-79-0485 (BRANDEIS)",
    doi = "10.1016/0550-3213(79)90344-4",
    journal = "Nucl. Phys. B",
    volume = "159",
    pages = "429",
    year = "1979"
}
